<?xml version="1.0" encoding="UTF-8" standalone="yes"?><bibs total_record_count="3"><bib><mms_id>99222441306421</mms_id><record_format>marc21</record_format><linked_record_id/><title>Aliens &amp; anorexia /</title><author>Kraus, Chris,</author><isbn>9781584351269 (pbk.)</isbn><network_numbers><network_number>(OCoLC)ocn851826743</network_number><network_number>7991903</network_number><network_number>(OCoLC)ocn862844408</network_number><network_number>(OCoLC)ocn842500102</network_number></network_numbers><place_of_publication>Los Angeles, CA :</place_of_publication><date_of_publication>c2013.</date_of_publication><publisher_const>Semiotext(e),</publisher_const><holdings link="https://api-na.hosted.exlibrisgroup.com/almaws/v1/bibs/99222441306421/holdings"/><created_by>System</created_by><created_date>2020-05-27Z</created_date><last_modified_by>AlmaAdmin</last_modified_by><last_modified_date>2020-08-24Z</last_modified_date><suppress_from_publishing>true</suppress_from_publishing><suppress_from_external_search>false</suppress_from_external_search><sync_with_oclc>NONE</sync_with_oclc><sync_with_libraries_australia>NONE</sync_with_libraries_australia><originating_system>OTHER</originating_system><originating_system_id>7991903</originating_system_id><cataloging_level desc="Default Level">00</cataloging_level><record><leader>00991cam a2200301 a 4500</leader><controlfield tag="001">99222441306421</controlfield><controlfield tag="005">20200807122657.0</controlfield><controlfield tag="008">131112s2013    mau      b    000 0 eng d</controlfield><datafield ind1=" " ind2=" " tag="019"><subfield code="a">842500102</subfield><subfield code="a">862844408</subfield></datafield><datafield ind1=" " ind2=" " tag="020"><subfield code="a">1584351268 (pbk.)</subfield></datafield><datafield ind1=" " ind2=" " tag="020"><subfield code="a">9781584351269 (pbk.)</subfield></datafield><datafield ind1=" " ind2=" " tag="035"><subfield code="a">7991903</subfield></datafield><datafield ind1=" " ind2=" " tag="035"><subfield code="a">(OCoLC)ocn851826743</subfield><subfield code="z">(OCoLC)ocn842500102</subfield><subfield code="z">(OCoLC)ocn862844408</subfield></datafield><datafield ind1=" " ind2=" " tag="040"><subfield code="a">CDX</subfield><subfield code="c">CDX</subfield><subfield code="d">NjP</subfield></datafield><datafield ind1=" " ind2="4" tag="050"><subfield code="a">PS3561.R2873</subfield><subfield code="b">A68 2013</subfield></datafield><datafield ind1=" " ind2="4" tag="082"><subfield code="a">813.5</subfield><subfield code="b">23</subfield></datafield><datafield ind1="1" ind2=" " tag="100"><subfield code="a">Kraus, Chris,</subfield><subfield code="e">author.</subfield></datafield><datafield ind1="1" ind2="0" tag="245"><subfield code="a">Aliens &amp; anorexia /</subfield><subfield code="c">Chris Kraus.</subfield></datafield><datafield ind1="3" ind2=" " tag="246"><subfield code="a">Aliens and anorexia</subfield></datafield><datafield ind1=" " ind2=" " tag="260"><subfield code="a">Los Angeles, CA :</subfield><subfield code="b">Semiotext(e),</subfield><subfield code="c">c2013.</subfield></datafield><datafield ind1=" " ind2=" " tag="300"><subfield code="a">261 pages :</subfield><subfield code="b">ill. ;</subfield><subfield code="c">23 cm</subfield></datafield><datafield ind1="1" ind2=" " tag="490"><subfield code="a">Semiotext(e) native agents series</subfield></datafield><datafield ind1=" " ind2=" " tag="504"><subfield code="a">Includes bibliographical references.</subfield></datafield><datafield ind1=" " ind2="0" tag="650"><subfield code="a">Experimental fiction.</subfield></datafield><datafield ind1=" " ind2="0" tag="830"><subfield code="a">Semiotext(e) native agents series.</subfield></datafield><datafield ind1="0" ind2=" " tag="852"><subfield code="0">7770428</subfield><subfield code="b">f</subfield><subfield code="h">PS3561.R2873</subfield><subfield code="i">A68 2013</subfield></datafield><datafield ind1=" " ind2=" " tag="902"><subfield code="a">lm</subfield><subfield code="b">m</subfield><subfield code="6">a</subfield><subfield code="7">m</subfield><subfield code="d">v</subfield><subfield code="f">1</subfield><subfield code="e">20140320</subfield></datafield><datafield ind1=" " ind2=" " tag="904"><subfield code="a">wcs</subfield><subfield code="b">o</subfield><subfield code="h">m</subfield><subfield code="c">b</subfield><subfield code="e">20131216</subfield></datafield></record>