</bib><bib><mms_id>991227840000541</mms_id><record_format>marc21</record_format><linked_record_id/><title>What do you do, dear? /</title><author>Joslin, Sesyle.</author><isbn>0060230754 (lib. bdg.) :</isbn><network_numbers><network_number>ocm11814059</network_number></network_numbers><place_of_publication>New York :</place_of_publication><date_of_publication>[1985?] c1961.</date_of_publication><publisher_const>Harper &amp; Row</publisher_const><holdings link="https://api-na.hosted.exlibrisgroup.com/almaws/v1/bibs/991227840000541/holdings"/><created_by>import</created_by><created_date>2011-12-17Z</created_date><last_modified_by>System</last_modified_by><last_modified_date>2019-12-12Z</last_modified_date><suppress_from_publishing>false</suppress_from_publishing><suppress_from_external_search>false</suppress_from_external_search><sync_with_oclc>NONE</sync_with_oclc><originating_system>ILS</originating_system><originating_system_id>34745-train20072_c2db</originating_system_id><record><leader>00891pam a2200277 a 4500</leader><controlfield tag="001">991227840000541</controlfield><controlfield tag="005">20191212132219.0</controlfield><controlfield tag="008">850221c19851961nyua   j      000 0 eng</controlfield><datafield ind1=" " ind2=" " tag="010"><subfield code="a">84043139 /AC</subfield></datafield><datafield ind1=" " ind2=" " tag="020"><subfield code="a">0201093871 :</subfield><subfield code="c">$9.95</subfield></datafield><datafield ind1=" " ind2=" " tag="020"><subfield code="a">0060230754 (lib. bdg.) :</subfield><subfield code="c">$9.89</subfield></datafield><datafield ind1=" " ind2=" " tag="035"><subfield code="a">ocm11814059</subfield></datafield><datafield ind1=" " ind2=" " tag="040"><subfield code="a">DLC</subfield><subfield code="c">DLC</subfield><subfield code="d">SHC</subfield></datafield><datafield ind1=" " ind2=" " tag="049"><subfield code="a">SHCM</subfield></datafield><datafield ind1="0" ind2=" " tag="050"><subfield code="a">BJ1857.C5</subfield><subfield code="b">J598 1985</subfield></datafield><datafield ind1="0" ind2=" " tag="082"><subfield code="a">395/.122</subfield><subfield code="2">19</subfield></datafield><datafield ind1="1" ind2=" " tag="100"><subfield code="a">Joslin, Sesyle.</subfield></datafield><datafield ind1="1" ind2="0" tag="245"><subfield code="a">What do you do, dear? /</subfield><subfield code="c">by Sesyle Joslin ; pictures by Maurice Sendak.</subfield></datafield><datafield ind1=" " ind2=" " tag="260"><subfield code="a">New York :</subfield><subfield code="b">Harper &amp; Row,</subfield><subfield code="c">[1985?] c1961.</subfield></datafield><datafield ind1=" " ind2=" " tag="300"><subfield code="a">[46] p. :</subfield><subfield code="b">col. ill. ;</subfield><subfield code="c">23 x 18 cm.</subfield></datafield><datafield ind1="1" ind2=" " tag="490"><subfield code="a">A Harper Trophy Book</subfield></datafield><datafield ind1=" " ind2=" " tag="520"><subfield code="a">More advice on proper behavior in a variety of social situations.</subfield></datafield><datafield ind1=" " ind2="0" tag="650"><subfield code="a">Etiquette for children and teenagers.</subfield></datafield><datafield ind1=" " ind2="1" tag="650"><subfield code="a">Etiquette.</subfield></datafield><datafield ind1="1" ind2=" " tag="700"><subfield code="a">Sendak, Maurice.</subfield></datafield><datafield ind1=" " ind2="0" tag="830"><subfield code="a">Harper trophy book.</subfield></datafield></record>